@MASTERSTHESIS{abodzay14,
  title = {AspectMatlab++: Developing an Aspect-Oriented Language for Scientists}
  Author = {Bodzay, Andrew},
  publisher = {McGill University},
  year = {2014},
  month= {December},
}
