@MASTERSTHESIS{acasey09,
  title = {The Metalexer Lexer Specification Language}
  Author = {Casey, M. Andrew},
  publisher = {McGill University},
  year = {2009},
  month= {June},
}