@inproceedings{Bodzay:2015:AAT:2724525.2724573,
 author = {Bodzay, Andrew and Hendren, Laurie},
 title = {AspectMatlab++: Annotations, Types, and Aspects for Scientists},
 booktitle = {Proceedings of the 14th International Conference on Modularity},
 series = {MODULARITY 2015},
 year = {2015},
 isbn = {978-1-4503-3249-1},
 location = {Fort Collins, CO, USA},
 pages = {41--54},
 numpages = {14},
 url = {http://doi.acm.org/10.1145/2724525.2724573},
 doi = {10.1145/2724525.2724573},
 acmid = {2724573},
 publisher = {ACM},
 address = {New York, NY, USA},
 keywords = {ASPECTMATLAB compiler, Aspect-oriented programming, MATLAB},
} 
