@MASTERSTHESIS{aslam10,
  title = {AspectMatlab: An Aspect-Oriented Scientific Programming Language},
  author = {Aslam, Toheed},
  publisher = {McGill University},
  year = {2010},
  month= {February},
}